<record><leader>00000cas a22000007a 4500</leader><controlfield tag="001">26408446</controlfield><controlfield tag="008">920817d18uu1uuuncudr ne      0    0eng d</controlfield><datafield ind1=" " ind2=" " tag="010"><subfield code="a">sn 92073160 </subfield></datafield><datafield ind1=" " ind2=" " tag="040"><subfield code="a">NVJ</subfield><subfield code="b">eng</subfield><subfield code="c">NVJ</subfield><subfield code="d">OCLCQ</subfield></datafield><datafield ind1=" " ind2=" " tag="042"><subfield code="a">msc</subfield></datafield><datafield ind1="0" ind2=" " tag="130"><subfield code="a">Daily gazette (Washington, N.C.)</subfield></datafield><datafield ind1="1" ind2="4" tag="245"><subfield code="a">The daily gazette.</subfield></datafield><datafield ind1="1" ind2="3" tag="246"><subfield code="a">Washington gazette</subfield></datafield><datafield ind1=" " ind2=" " tag="260"><subfield code="a">Washington, Beaufort County, N.C. :</subfield><subfield code="b">[s.n.]</subfield></datafield><datafield ind1=" " ind2=" " tag="300"><subfield code="a">v.</subfield></datafield><datafield ind1=" " ind2=" " tag="310"><subfield code="a">Daily</subfield></datafield><datafield ind1=" " ind2=" " tag="515"><subfield code="a">Issue for May 26, 1893 has vol. numbering as: Vol. 15.</subfield></datafield><datafield ind1=" " ind2=" " tag="588"><subfield code="a">Description based on: May 16, 1884.</subfield></datafield><datafield ind1=" " ind2=" " tag="752"><subfield code="a">United States</subfield><subfield code="b">North Carolina</subfield><subfield code="c">Beaufort</subfield><subfield code="d">Washington.</subfield></datafield></record>